% Encoding: UTF-8

@article{SHAP,
  added-at = {2018-11-06T16:58:57.000+0100},
  author = {Lundberg, Scott M. and Erion, Gabriel G. and Lee, Su-In},
  biburl = {https://www.bibsonomy.org/bibtex/2b252a76f6b2cd7b68d4c84fd3cf09c02/jakobgerst},
  ee = {http://arxiv.org/abs/1802.03888},
  interhash = {3924ad3cb9b597c109bfccf536927f21},
  intrahash = {b252a76f6b2cd7b68d4c84fd3cf09c02},
  journal = {CoRR},
  keywords = {SHAP learning machine machine-learning},
  timestamp = {2018-11-06T16:58:57.000+0100},
  title = {Consistent Individualized Feature Attribution for Tree Ensembles.},
  url = {http://dblp.uni-trier.de/db/journals/corr/corr1802.html#abs-1802-03888},
  volume = {abs/1802.03888},
  year = 2018
}

@inproceedings{Metamorphic,
 author = {Dwarakanath, Anurag and Ahuja, Manish and Sikand, Samarth and Rao, Raghotham M. and Bose, R. P. Jagadeesh Chandra and Dubash, Neville and Podder, Sanjay},
 title = {Identifying Implementation Bugs in Machine Learning Based Image Classifiers Using Metamorphic Testing},
 booktitle = {Proceedings of the 27th ACM SIGSOFT International Symposium on Software Testing and Analysis},
 series = {ISSTA 2018},
 year = {2018},
 isbn = {978-1-4503-5699-2},
 location = {Amsterdam, Netherlands},
 pages = {118--128},
 numpages = {11},
 url = {http://doi.acm.org/10.1145/3213846.3213858},
 doi = {10.1145/3213846.3213858},
 acmid = {3213858},
 publisher = {ACM},
 address = {New York, NY, USA},
 keywords = {Metamorphic Testing, Testing Machine Learning based applications}
} 

@article{Manifold,
  author    = {Jiawei Zhang and
               Yang Wang and
               Piero Molino and
               Lezhi Li and
               David S. Ebert},
  title     = {Manifold: {A} Model-Agnostic Framework for Interpretation and Diagnosis
               of Machine Learning Models},
  journal   = {CoRR},
  volume    = {abs/1808.00196},
  year      = {2018},
  url       = {http://arxiv.org/abs/1808.00196},
  archivePrefix = {arXiv},
  eprint    = {1808.00196},
  timestamp = {Sun, 02 Sep 2018 15:01:54 +0200},
  biburl    = {https://dblp.org/rec/bib/journals/corr/abs-1808-00196},
  bibsource = {dblp computer science bibliography, https://dblp.org}
}


@inproceedings{LIME,
 author = {Ribeiro, Marco Tulio and Singh, Sameer and Guestrin, Carlos},
 title = {"Why Should I Trust You?": Explaining the Predictions of Any Classifier},
 booktitle = {Proceedings of the 22Nd ACM SIGKDD International Conference on Knowledge Discovery and Data Mining},
 series = {KDD '16},
 year = {2016},
 isbn = {978-1-4503-4232-2},
 location = {San Francisco, California, USA},
 pages = {1135--1144},
 numpages = {10},
 url = {http://doi.acm.org/10.1145/2939672.2939778},
 doi = {10.1145/2939672.2939778},
 acmid = {2939778},
 publisher = {ACM},
 address = {New York, NY, USA},
 keywords = {black box classifier, explaining machine learning, interpretability, interpretable machine learning},
} 